HOMED Stockwell and Petersen, 19887
MALIGNED Clark 1992